1727 2870
422 125 477 180 D
502 123 545 179 Ε
568 120 621 179 D
646 114 671 179 Ϊ
695 117 749 180 G
782 117 832 175 A
857 120 908 176 T
932 119 1053 176 I'O:

30 213 162 300 dit,
183 212 824 309 quodAmpliffimus
855 213 1156 283 Senatus,
1186 213 1463 275 cniustoe

29 313 397 403 membrum
429 319 495 377 &
514 329 976 374 ornamentum
1000 328 1135 370 non
1163 302 1459 391 ignobile

0 406 380 508 ,fexistisssibi
395 424 625 495 praeter
640 403 764 477 illa,
784 424 921 489 quae
938 403 1224 463 vniverlo
1240 393 1457 458 ordini

28 499 237 567 vestro
275 501 652 563 communia
678 497 819 560 sunt
843 544 861 572 ‚
899 492 1243 582 singulares
1271 488 1456 574 quoss

33 595 182 675 dam
201 592 479 656 honores
497 587 851 664 commisit,
870 585 1104 676 quibus
1119 589 1208 646 ita
1222 576 1331 643 fun
1340 599 1455 665 gea.

33 695 157 760 ris,
207 706 277 750 vt
313 705 453 748 tota
478 681 867 772 Respublica
905 673 1459 742 administratione

36 803 170 848 tam
190 784 308 842 rite
337 774 638 840 haetenus
666 773 914 864 peracta
932 771 1214 860 plenarie
1231 766 1419 850 acqui
1435 802 1454 813 ·

36 872 228 941 escat·
265 870 753 956 Cuiigiturviro
772 888 949 931 tanta
965 885 1038 926 ac
1054 857 1458 926 taliacredita

36 968 211 1040 sunt,
240 987 351 1029 cur
368 976 500 1026 non
518 984 662 1039 mea
688 982 952 1049 quoque
968 950 1456 1020 rectiffimecre-

40 1061 225 1125 dam?
253 1057 383 1121 Iam
404 1053 483 1118 de
503 1076 781 1145 quatuor
796 1050 1284 1142 linguis‚quibus
1305 1045 1456 1107 Em-

38 1154 317 1220 blemata
352 1148 567 1212 nostra
595 1150 987 1236 loquuntur,
1031 1142 1189 1231 quid
1217 1137 1461 1205 dicam?

39 1267 309 1335 quatum
336 1262 405 1306 tu
436 1247 668 1330 partim
693 1241 1062 1329 longinquis
1102 1238 1462 1326 peregrina-

39 1337 323 1406 tionibus
361 1332 538 1400 vsum
578 1347 728 1399 cum
761 1331 889 1424 ipsa
916 1351 1131 1395 terum
1168 1323 1461 1413 magistra

40 1433 439 1524 experientia
466 1435 553 1493 ita
569 1423 933 1491 combibisti
955 1472 972 1499 ,
999 1428 1148 1503 vtiJs
1165 1443 1293 1484 non
1314 1437 1458 1480 tan-
1501 1473 1505 1478 .

42 1547 180 1591 tum
198 1519 364 1589 terse
392 1546 468 1587 ac
495 1517 693 1610 polite
711 1525 898 1585 vtaris
920 1563 936 1591 ‚
965 1514 1067 1578 sed
1088 1525 1143 1578 ὃς
1166 1529 1464 1598 magnam

45 1617 489 1682 delcetatioms
522 1616 813 1678 litteratae
843 1600 1465 1703 parteminilliscol-

45 1712 242 1781 loces,
285 1709 405 1772 His
422 1731 568 1773 cum
585 1707 759 1771 velut
787 1701 1074 1789 locuples
1091 1698 1467 1783 choragium

45 1802 318 1869 accedat
341 1799 733 1869 incredibilis
760 1797 865 1860 illa
883 1818 990 1860 tua
1017 1792 1378 1856 humanitas
1400 1794 1467 1850 δε

47 1890 417 1969 affabilitas,
447 1899 663 1984 quain
689 1891 799 1954 illo
829 1885 1232 1954 fortunarum
1269 1872 1469 1969 splen-

48 1989 207 2055 dore
226 2009 281 2052 te
295 1985 375 2051 ad
391 2010 497 2052 eos
515 1986 826 2057 demittis,
845 1988 954 2069 qui
970 1978 1254 2062 alloquio
1273 1974 1471 2038 benc-

47 2080 172 2165 ficij
185 2079 333 2170 sque
351 2086 471 2146 tuis
488 2076 691 2142 fruisci
709 2081 1303 2163 cupiunnmagnam
1322 2087 1477 2130 con-

53 2181 199 2265 cepi
215 2174 554 2265 spem‚fore
572 2218 588 2243 ‚
614 2191 684 2234 ut
701 2170 882 2233 vultu
909 2188 1046 2230 non
1063 2158 1325 2226 adverso
1344 2158 1477 2221 hoc

51 2267 508 2355 qualecunque
537 2260 986 2328 munusculum
1016 2259 1285 2346 accipias
1305 2298 1320 2323 ‚
1338 2250 1478 2313 tibi-

49 2382 182 2450 que
207 2364 344 2437 (vir
369 2355 812 2447 Ampliffime)
843 2346 1221 2444 persuadeas
1241 2388 1256 2416 ‚
1287 2343 1483 2408 bene-

10 2481 17 2486 ·
182 2459 195 2485 ’·
862 2486 865 2489 -
900 2445 928 2504 ?
1014 2466 1038 2527 3
1250 2437 1478 2503 volen-
